<record><leader>00000cas a22000007a 4500</leader><controlfield tag="001">16701996</controlfield><controlfield tag="008">870917d18851946ohuwr ne      0    0eng d</controlfield><datafield ind1=" " ind2=" " tag="010"><subfield code="a">sn 87076663 </subfield></datafield><datafield ind1=" " ind2=" " tag="040"><subfield code="a">ONP</subfield><subfield code="b">eng</subfield><subfield code="c">ONP</subfield><subfield code="d">OCLCQ</subfield></datafield><datafield ind1=" " ind2=" " tag="042"><subfield code="a">msc</subfield></datafield><datafield ind1="0" ind2=" " tag="130"><subfield code="a">Kenton Democrat (Kenton, Ohio : 1885)</subfield></datafield><datafield ind1="1" ind2="4" tag="245"><subfield code="a">The Kenton Democrat.</subfield></datafield><datafield ind1=" " ind2=" " tag="260"><subfield code="a">Kenton, Ohio :</subfield><subfield code="b">Daniel Flanagan &amp; Co.,</subfield><subfield code="c">1885-</subfield></datafield><datafield ind1=" " ind2=" " tag="310"><subfield code="a">Weekly</subfield></datafield><datafield ind1="0" ind2=" " tag="362"><subfield code="a">Vol. 19, no. 46 (Jan. 8, 1885)-</subfield></datafield><datafield ind1="1" ind2=" " tag="362"><subfield code="a">Ceased in 1946.</subfield></datafield><datafield ind1=" " ind2=" " tag="752"><subfield code="a">United States</subfield><subfield code="b">Ohio</subfield><subfield code="c">Hardin</subfield><subfield code="d">Kenton.</subfield></datafield><datafield ind1="0" ind2=" " tag="775"><subfield code="t">Kenton daily Democrat (Kenton, Ohio : 1892)</subfield><subfield code="w">(DLC)sn 87076671</subfield></datafield><datafield ind1="0" ind2="0" tag="780"><subfield code="t">Hardin County Democrat (Kenton, Ohio : 1875)</subfield><subfield code="w">(DLC)sn 85038150</subfield></datafield></record>